%%% Artigos publicados pelo grupo de Harvard sobre projeto em Gana %%%

@article{ARKU2008,
  title={Characterizing air pollution in two low-income neighborhoods in Accra, 
         Ghana},
  author={Arku, Raphael E      and 
          Vallarino, Jose      and 
          Dionisio, Kathie L   and 
          Willis, Robert       and 
          Choi, Hyunok         and 
          Wilson, J Gaines     and 
          Hemphill, Christina  and 
          Agyei-Mensah, Samuel and 
          Spengler, John D     and 
          Ezzati, Majid},
  journal={Science of the total environment},
  volume={402},
  number={2},
  pages={217-231},
  year={2008},
  publisher={Elsevier}
}

@article{DIONISIO2010,
  title={Within-neighborhood patterns and sources of particle pollution: 
         mobile monitoring and geographic information system analysis in 
         four communities in Accra, Ghana},
  author={Dionisio, Kathie L   and 
          Rooney, Michael S    and 
          Arku, Raphael E      and 
          Friedman, Ari B      and 
          Hughes, Allison F    and 
          Vallarino, Jose      and 
          Agyei-Mensah, Samuel and 
          Spengler, John D     and 
          Ezzati, Majid},
  journal={Environmental health perspectives},
  volume={118},
  number={5},
  pages={607-613},
  year={2010},
  publisher={National Institute of Environmental Health Science}
}
%

%%% Artigos sobre problemas em populações de risco %%%

@article{SCLAR2005,                                                                          
  title={The 21st century health challenge of slums and cities},                            
  author={Sclar, Elliott D and 
          Garau, Pietro    and 
          Carolini, Gabriella},                      
  journal={The Lancet},                                                                     
  volume={365},                                                                             
  number={9462},                                                                            
  pages={901--903},                                                                         
  year={2005},                                                                              
  publisher={Elsevier}                                                                      
}

@article{RILEY2007,
  title={Slum health: diseases of neglected populations},                                   
  author={Riley, Lee W and 
          Ko, Albert I and 
          Unger, Alon  and 
          Reis, Mitermayer G},            
  journal={BMC international health and human rights},                                      
  volume={7},                                                                               
  number={1},                                                                               
  pages={2},                                                                                
  year={2007},                                                                              
  publisher={BioMed Central Ltd}                                                            
} 

@article{MONTGOMERY2008,
  title={The urban transformation of the developing world},
  author={Montgomery, Mark R},
  journal={Science},
  volume={319},
  number={5864},
  pages={761--764},
  year={2008},
  publisher={American Association for the Advancement of Science}
}

@article{SMITH2004,
  title={Indoor air pollution from household use of solid fuels},
  author={Smith, Kirk R and 
          Mehta, Sumi   and 
          Maeusezahl-Feuz, Mirjam},
  journal={Comparative quantification of health risks: global and regional 
           burden of disease attributable to selected major risk factors},
  volume={2},
  pages={1435--93},
  year={2004}
}

@article{EZZATI2004,
  title={Comparative quantification of health risks},
  author={Ezzati, Majid    and 
          Lopez, Alan D    and 
          Rodgers, Anthony and 
          Murray, Christopher JL},
  journal={Global and regional burden of disease attributable to selected 
           major risk factors. Geneva: World Health Organization},
  year={2004}
}


%%% Artigos sobre PMF %%%

@article{Norris:2014,
  title={{EPA POSITIVE MATRIX FACTORIZATION (PMF) 5.0 
         Fundamentals \& User Guide}},
  author={Norris, G and 
          Duvall, R and 
          Brown, S  and
          Bai, S},
  journal={Prepared for the US Environmental Protection Agency, Washington, DC, 
           by the National Exposure Research Laboratory, 
           Research Triangle Park},
  year={2014}
}
