%%%% Artigos %%%%

%DOI: http://dx.doi.org/10.1088/1748-9326/8/4/044025
@article{zhou2013,
  title={{Chemical composition and sources of particle pollution in 
         affluent and poor neighborhoods of Accra, Ghana}},
  author={Zhou, Zheng         and 
          Dionisio, Kathie L  and 
          Verissimo, Thiago G and
          Kerr, Americo S     and 
          Coull, Brent        and 
          Arku, Raphael E     and 
          Koutrakis, Petros   and 
          Spengler, John D    and 
          Hughes, Allison F   and 
         Vallarino, Jose},
  journal={Environmental Research Letters},
  volume={8},
  number={4},
  pages={044025},
  year={2013},
  publisher={IOP Publishing}
}

% doi: http://dx.doi.org/10.1021/es404185m
@article{zhou2014,
  title={{Chemical characterization and source apportionment of household 
         fine particulate matter in rural, peri-urban, and urban West Africa}},
  author={Zhou, Zheng         and 
          Dionisio, Kathie L  and 
          Verissimo, Thiago G and 
          Kerr, Americo S     and 
          Coull, Brent        and 
          Howie, Stephen      and 
          Arku, Raphael E     and 
          Koutrakis, Petros   and 
          Spengler, John D    and 
          Fornace, Kimberly},
  journal={Environmental science \& technology},
  volume={48},
  number={2},
  pages={1343-1351},
  year={2014},
  publisher={ACS Publications}
}

@article{santos2014,
  title={{Analysis of atmospheric aerosol (PM2. 5) in Recife city, Brazil}},
  author={Santos, Luis HM and Kerr, Am{\'e}rico AFS and Ver{\'\i}ssimo, Thiago G and Andrade, Maria de Fatima and de Miranda, Regina Maura and Fornaro, Adalgiza and Saldiva, Paulo},
  journal={Journal of the Air \& Waste Management Association},
  volume={64},
  number={5},
  pages={519--528},
  year={2014},
  publisher={Taylor \& Francis}
}

%%%% Eventos %%%%

@article{sabadini2008,
  title={{Preservaço da memória institucional no Instituto de Psicologia da USP}},
  author={Sabadini, AAZP and Veríssimo, TG and Cadidé, I and Ades, C},
  journal={Anais, XV Seminário Nacional de Bibliotecas Universitárias},
  year={2008}
}

http://www.geinfo.usp.br/2012/
@article{ferreira2012,
  title={{Portal de revistas da USP}},
  author={Ferreira, Sueli Mara Soares Pinto and Serradas, Andre do Nascimento and Veríssimo, Thiago Gomes and others},
  journal={11 Encontro de Gestão de Informática da USP (Geinfo)},
  year={2012},
  publisher={USP: UNICAMP}
}

@conference{zhou2011congress,
  title={{Source identification and apportionment of particulate matter in Accra, Ghana}},
  author={Zheng Zhou          and 
          Kathie Dionisio     and 
          Raphael Arku        and 
          Thiago Verissimo    and 
          Brent Coull         and 
          Americo Kerr        and 
          Jose Vallarino      and 
          John Spengler       and 
          Samuel Agyei-Mensah and 
          Majid Ezzati},
  year={2011},
  booktitle={23th Congress of the International Society for Environmental Epidemiology, Barcelona, 2011.},
  organization = {International Society for Environmental Epidemiology},
  url={http://ehp.niehs.nih.gov/isee/},
  publisher={National Institute of Environmental Health Science}
}
